@online{martins2025,
  author = {Martins, Tamires},
  title = {tese-ufsc: um template {Quarto} para teses e dissertações da UFSC},
  date = {2025-05-29},
  url = {http://github.com/tamimart/tese-ufsc},
  langid = {pt-BR}
}


